<record><leader>00000cas a2200000 a 4500</leader><controlfield tag="001">15346627</controlfield><controlfield tag="008">870319c19539999iluwr ne      0   a0eng c</controlfield><datafield ind1=" " ind2=" " tag="010"><subfield code="a">sn 90005745 </subfield></datafield><datafield ind1=" " ind2=" " tag="040"><subfield code="a">IAW</subfield><subfield code="b">eng</subfield><subfield code="c">IAW</subfield><subfield code="d">NSD</subfield><subfield code="d">NVF</subfield><subfield code="d">OCLCQ</subfield><subfield code="d">NVF</subfield><subfield code="d">OCLCF</subfield><subfield code="d">OCLCO</subfield></datafield><datafield ind1=" " ind2=" " tag="012"><subfield code="m">1</subfield></datafield><datafield ind1="1" ind2=" " tag="022"><subfield code="a">1050-2327</subfield><subfield code="l">1050-2327</subfield><subfield code="2">1</subfield></datafield><datafield ind1="1" ind2=" " tag="029"><subfield code="a">AU@</subfield><subfield code="b">000025883244</subfield></datafield><datafield ind1=" " ind2=" " tag="032"><subfield code="a">005009</subfield><subfield code="b">USPS</subfield></datafield><datafield ind1=" " ind2=" " tag="037"><subfield code="b">Press Publications, Inc., 112 S. York St., Elmhurst, IL 60126-3994</subfield></datafield><datafield ind1=" " ind2=" " tag="042"><subfield code="a">nsdp</subfield><subfield code="a">pcc</subfield></datafield><datafield ind1=" " ind2=" " tag="043"><subfield code="a">n-us-il</subfield></datafield><datafield ind1=" " ind2=" " tag="090"><subfield code="a">Newspaper</subfield></datafield><datafield ind1=" " ind2="0" tag="222"><subfield code="a">West Cook County press</subfield></datafield><datafield ind1="0" ind2="0" tag="245"><subfield code="a">West Cook County press.</subfield></datafield><datafield ind1="1" ind2="7" tag="246"><subfield code="a">WCCP</subfield></datafield><datafield ind1=" " ind2=" " tag="260"><subfield code="a">Elmhurst, IL :</subfield><subfield code="b">Press Publications,</subfield><subfield code="c">1953-</subfield></datafield><datafield ind1=" " ind2=" " tag="300"><subfield code="a">v. :</subfield><subfield code="b">ill. ;</subfield><subfield code="c">58 cm.</subfield></datafield><datafield ind1=" " ind2=" " tag="310"><subfield code="a">Weekly,</subfield><subfield code="b">&lt;Feb. 15, 1990-&gt;</subfield></datafield><datafield ind1=" " ind2=" " tag="321"><subfield code="a">Semiweekly,</subfield><subfield code="b">1953-</subfield></datafield><datafield ind1="1" ind2=" " tag="362"><subfield code="a">Began in 1953.</subfield></datafield><datafield ind1=" " ind2=" " tag="588"><subfield code="a">Description based on: Vol. 37, no. 7 (Feb. 15, 1990).</subfield></datafield><datafield ind1=" " ind2="0" tag="651"><subfield code="a">Elmhurst (Ill.)</subfield><subfield code="v">Newspapers.</subfield></datafield><datafield ind1=" " ind2="0" tag="651"><subfield code="a">Cook County (Ill.)</subfield><subfield code="v">Newspapers.</subfield></datafield><datafield ind1=" " ind2="7" tag="655"><subfield code="a">Newspapers.</subfield><subfield code="2">fast</subfield><subfield code="0">(OCoLC)fst01423814</subfield></datafield><datafield ind1=" " ind2="7" tag="651"><subfield code="a">Illinois</subfield><subfield code="z">Cook County.</subfield><subfield code="2">fast</subfield><subfield code="0">(OCoLC)fst01205334</subfield></datafield><datafield ind1=" " ind2="7" tag="651"><subfield code="a">Illinois</subfield><subfield code="z">Elmhurst.</subfield><subfield code="2">fast</subfield><subfield code="0">(OCoLC)fst01205938</subfield></datafield><datafield ind1=" " ind2=" " tag="752"><subfield code="a">United States</subfield><subfield code="b">Illinois</subfield><subfield code="c">Cook</subfield><subfield code="d">Elmhurst.</subfield></datafield></record>